




% --------------------------------------------------------------------------
% Articles
% --------------------------------------------------------------------------
%A papers

@Article{AkinT:2004,
author = {J. E. Akin and T. E. Tezduyar},
title = {Calculation of the advective limit of the SUPG stabilization parameter for linear and higher-order elements},
journal = {Computer Methods in Applied Mechanics and Engineering},
year = {2004},
volume = {193},
number = {21-22},
pages = {1909-1922},
}

@phdthesis{Franci:2015,
	author = {A. Franci},
	title = {Unified Lagrangian formulation for fluid and solid mechanics, fluid-structure interaction and coupled thermal problems using the PFEM},
	year = {2015},
	type = {Doctoral Thesis)},
	school = {Universitat Polit{\'e}cnica de Catalunya},
	address = {Barcelona, Spain},
}
@book{ogden1997non,
	title={Non-linear Elastic Deformations},
	author={Ogden, R.W.},
	isbn={9780486696485},
	lccn={97016162},
	series={Dover Civil and Mechanical Engineering},
	year={1997},
	publisher={Dover Publications}
}

@Article{AkkermanBBFK:2011,
 title ={Free-Surface Flow and Fluid-Object Interaction Modeling With Emphasis on Ship Hydrodynamics},
journal ={J. Appl. Mech},
volume ={1},
number = {79},
author = {I. Akkerman and Y. Bazilevs and D. J. Benson and M. W. Farthing and C. E. Kees},
year = {2011}
}
@article{AKKERMAN20114137,
title = "Isogeometric analysis of free-surface flow",
journal = "Journal of Computational Physics",
volume = "230",
number = "11",
pages = "4137 - 4152",
year = "2011",
note = "Special issue High Order Methods for CFD Problems",
issn = "0021-9991",
doi = "https://doi.org/10.1016/j.jcp.2010.11.044",
url = "http://www.sciencedirect.com/science/article/pii/S0021999110006595",
author = "I. Akkerman and Y. Bazilevs and C.E. Kees and M.W. Farthing",
keywords = "Free-surface flow, Level set method, Global mass conservation, Isogeometric analysis, Higher-order methods, Finite elements, Fluids, Residual-based variational multiscale method (RBVMS), Turbulence"
}
@article{Akkerman2012,
author = {Akkerman, I. and Bazilevs, Y. and Benson, D. J. and Farthing, M. W. and Kees, C. E.},
doi = {10.1115/1.4005072},
file = {::},
issn = {00218936},
journal = {Journal of Applied Mechanics},
keywords = {Equations,Flow (Dynamics),Fluids,Modeling,Motion,Ships,Water},
month = {jan},
number = {1},
pages = {010905},
publisher = {American Society of Mechanical Engineers},
title = {{Free-Surface Flow and Fluid-Object Interaction Modeling With Emphasis on Ship Hydrodynamics}},
url = {http://appliedmechanics.asmedigitalcollection.asme.org/article.aspx?articleid=1414460},
volume = {79},
year = {2012}
}
@article{AKKERMAN201774,
title = "Monotone level-sets on arbitrary meshes without redistancing",
journal = "Computers \& Fluids",
volume = "146",
pages = "74 - 85",
year = "2017",
issn = "0045-7930",
doi = "https://doi.org/10.1016/j.compfluid.2017.01.007",
url = "http://www.sciencedirect.com/science/article/pii/S0045793017300221",
author = "Ido Akkerman",
keywords = "Level-set, Arbitrary meshes, Smooth heaviside, Implicit redistancing"
}

@Article{Argyris:1982,
	author = {J. Argyris},
	title = {An excursion into large rotations},
	journal = {Computer Methods in Applied Mechanics and Engineering},
	year = {1982},
	volume = {32},
	pages = {85-155},
}

@article{ASKARI2015292,
title = "A unified approach for nonlinear vibration analysis of curved structures using non-uniform rational B-spline representation",
journal = "Journal of Sound and Vibration",
volume = "353",
pages = "292 - 307",
year = "2015",
issn = "0022-460X",
doi = "https://doi.org/10.1016/j.jsv.2015.05.022",
url = "http://www.sciencedirect.com/science/article/pii/S0022460X15004332",
author = "H. Askari and E. Esmailzadeh and A. Barari"
}

@article{AubryIO:2005,
	title={Particle finite element method in fluid-mechanics including thermal convection-diffusion},
	author={Aubry, R and Idelsohn, SR and O{\~n}ate, E},
	journal={Computers \& structures},
	volume={83},
	number={17-18},
	pages={1459--1475},
	year={2005},
	publisher={Elsevier}
}

@article{AubryOI:2006,
  title={Fractional step like schemes for free surface problems with thermal coupling using the Lagrangian PFEM},
  author={Aubry, R and O{\~n}ate, E and Idelsohn, SR},
  journal={Computational Mechanics},
  volume={38},
  number={4-5},
  pages={294-309},
  year={2006},
  publisher={Springer}
}

%B papers
@article{Bandara2015584,
title = "Boundary element based multiresolution shape optimisation in electrostatics ",
journal = "Journal of Computational Physics ",
volume = "297",
number = "",
pages = "584 - 598",
year = "2015",
note = "",
issn = "0021-9991",
doi = "http://dx.doi.org/10.1016/j.jcp.2015.05.017",
url = "http://www.sciencedirect.com/science/article/pii/S0021999115003459",
author = "Kosala Bandara and Fehmi Cirak and G{\"u}nther Of and Olaf Steinbach and Jan Zapletal"
}

@article{Bandara2016510,
title = "Shape optimisation with multiresolution subdivision surfaces and immersed finite elements ",
journal = "Computer Methods in Applied Mechanics and Engineering ",
volume = "300",
number = "",
pages = "510 - 539",
year = "2016",
note = "",
issn = "0045-7825",
doi = "http://dx.doi.org/10.1016/j.cma.2015.11.015",
url = "http://www.sciencedirect.com/science/article/pii/S0045782515003680",
author="Kosala Bandara and Thomas R{\"u}berg and Fehmi Cirak"
}

@Article{Bartels:2005,
	author = {R. E. Bartels},
	title = {Finite macro-element mesh deformation in a structured multi-block {Navier-Stokes} code},
	journal = {Report NASA/TM-2005-213789},
  year = {2005},
}

@Article{BattiniP:2006,
author = {J. M. Battini and C. Pacoste},
title = {On the choice of the linear element for corotational triangular shells},
journal = {Computer Methods in Applied Mechanicas and Engineering},
year = {2006},
volume = {195},
number = {44-47},
pages = {6362-6377},
note = {ISSN 0045-7825},
}

@article{BazilevsTT:2013a,
	author = {Bazilevs, Yuri and Takizawa, Kenji and Tezduyar, Tayfun E.},
	title = {Challenges and directions in computational fluid-structure interaction},
	journal = {Mathematical Models and Methods in Applied Sciences},
	volume = {23},
	number = {02},
	pages = {215-221},
	year = {2013},
}

@article{Belytschko1995,
title = "Element-free galerkin methods for static and dynamic fracture ",
journal = "International Journal of Solids and Structures ",
volume = "32",
number = "17–18",
pages = "2547 - 2570",
year = "1995",
note = "",
issn = "0020-7683",
doi = "http://dx.doi.org/10.1016/0020-7683(94)00282-2",
url = "http://www.sciencedirect.com/science/article/pii/0020768394002822",
author = "T. Belytschko and Y.Y. Lu and L. Gu and M. Tabbara"
}

 @article{Bletzinger20012053,
title = "Structural optimization and form finding of light weight structures ",
journal = "Computers \& Structures ",
volume = "79",
number = "22–25",
pages = "2053 - 2062",
year = "2001",
note = "",
issn = "0045-7949",
doi = "http://dx.doi.org/10.1016/S0045-7949(01)00052-9",
url = "http://www.sciencedirect.com/science/article/pii/S0045794901000529",
author = "Kai-Uwe Bletzinger and Ekkehard Ramm",
keywords = "Form finding",
keywords = "Structural optimization",
keywords = "Minimal surfaces",
keywords = "Hanging models",
keywords = "Light weight structures "
}

@ARTICLE{Bletzinger1997201,
author={Bletzinger, K.-U. and Maute, K.},
title={Towards generalized shape and topology optimization},
journal={Engineering Optimization},
year={1997},
volume={29},
number={1-4},
pages={201-216},
note={cited By 6},
url={http://www.scopus.com/inward/record.url?eid=2-s2.0-0031377474&partnerID=40&md5=2a73cb8ed91459e4d21857bde7d710d2},
document_type={Article},
source={Scopus}
}

@Article{deBoerZB:2007,
	author = {A. de Boer and A. H. van Zuijlen and H. Bijl},
	title = {Review of coupling methods for non-matching meshes},
	journal = {Comput. Methods Appl. Mech. Engrg.},
	year = {2007},
	volume = {196},
	pages = {1515-1525},
}

@Article{Bonet:2000,
author = "J. Bonet and R.D. Wood and J. Mahaney and P. Heywood",
title = {Finite element analysis of air supported membrane structures},
journal = {Computer Methods in Applied Mechanics and Engineering},
year = {2000},
volume = {190},
number = {5-7},
pages = {579-595},
note = {ISSN 0045-7828}
}

@Article{BottassoDS:2005,
	title={The ball-vertex method: a new simple spring analogy method for unstructured dynamic meshes},
	author={C. L. Bottasso and D. Detomi and R. Serra},
	journal={Comput. Methods Appl. Mech. Engrg.},
	volume={194},
	number={39},
	pages={4244-4264},
	year={2005},
}

@article{Bornemann2013584,
title = "A subdivision-based implementation of the hierarchical b-spline finite element method ",
journal = "Computer Methods in Applied Mechanics and Engineering ",
volume = "253",
number = "",
pages = "584 - 598",
year = "2013",
note = "",
issn = "0045-7825",
doi = "http://dx.doi.org/10.1016/j.cma.2012.06.023",
url = "http://www.sciencedirect.com/science/article/pii/S0045782512002204",
author = "P.B. Bornemann and F. Cirak",
}

@article{Braibant1984247,
title = "Shape optimal design using B-splines ",
journal = "Computer Methods in Applied Mechanics and Engineering ",
volume = "44",
number = "3",
pages = "247 - 267",
year = "1984",
note = "",
issn = "0045-7825",
doi = "http://dx.doi.org/10.1016/0045-7825(84)90132-4",
url = "http://www.sciencedirect.com/science/article/pii/0045782584901324",
author = "V. Braibant and C. Fleury"
}

@Article{BrendelR:1980,
author = {B. Brendel and E. Ramm},
title = {Linear and nonlinear stability analysis of cylindrical shells},
journal = {Computers \& Structures},
year = {1980},
volume = {12},
number = {4},
pages = {549-558},
month = {October},
}

@article{BrooksH:1982,
title = "Streamline upwind/Petrov-Galerkin formulations for convection dominated flows with particular emphasis on the incompressible Navier-Stokes equations",
journal = "Computer Methods in Applied Mechanics and Engineering",
volume = "32",
number = "1-3",
pages = "199 - 259",
year = "1982",
note = "",
issn = "0045-7825",
author = "Alexander N. Brooks and Thomas J.R. Hughes"
}

@article{Byatt-Smith:1971,
	title={An integral equation for unsteady surface waves and a comment on the Boussinesq equation},
	author={Byatt-Smith, John GB},
	journal={Journal of Fluid Mechanics},
	volume={49},
	number={4},
	pages={625--633},
	year={1971},
	publisher={Cambridge University Press}
}

%C papers
@article{Carrazedo20101008,
title = "Alternative positional \{FEM\} applied to thermomechanical impact of truss structures ",
journal = "Finite Elements in Analysis and Design ",
volume = "46",
number = "11",
pages = "1008 - 1016",
year = "2010",
note = "",
issn = "0168-874X",
doi = "http://dx.doi.org/10.1016/j.finel.2010.07.008",
url = "http://www.sciencedirect.com/science/article/pii/S0168874X10001125",
author = "Rogério Carrazedo and Humberto Breves Coda",
keywords = "Thermo-elasto-plasticity",
keywords = "Additive decomposition",
keywords = "Positional finite element method "
}

@Article{CatabrigaC:2002,
author = {L. Catabriga and A. L. G. Coutinho},
title = {Implicit SUPG solution of Euler equations using edge-based data structures},
journal = {Computer Methods in Applied Mechanics and Engineering},
year = {2002},
volume = {191},
number = {32},
pages = {3477-3490},
note = {ISSN 0045-7825},
}

@article{CerquagliaDBPP:2017,
	title={The particle finite element method for the numerical simulation of bird strike},
	author={Cerquaglia, Marco Lucio and Deli{\'e}ge, Geoffrey and Boman, Romain and Papeleux, Luc and Ponthot, Jean-Philippe},
	journal={International journal of impact engineering},
	volume={109},
	pages={1--13},
	year={2017},
	publisher={Elsevier}
}

@article{CerquagliaDBTP:2017,
	title={Free-slip boundary conditions for simulating free-surface incompressible flows through the particle finite element method},
	author={Cerquaglia, Marco Lucio and Deli{\'e}ge, Geoffrey and Boman, Romain and Terrapon, Vincent and Ponthot, Jean-Philippe},
	journal={International Journal for Numerical Methods in Engineering},
	volume={110},
	number={10},
	pages={921--946},
	year={2017},
	publisher={Wiley Online Library}
}

@article{CERRONI2018646,
title = "A projection method for coupling two-phase VOF and fluid structure interaction simulations",
journal = "Journal of Computational Physics",
volume = "354",
pages = "646 - 671",
year = "2018",
issn = "0021-9991",
doi = "https://doi.org/10.1016/j.jcp.2017.10.055",
url = "http://www.sciencedirect.com/science/article/pii/S0021999117308227",
author = "Daniele Cerroni and Roberto Da Vià and Sandro Manservisi",
keywords = "Multiphase flow, Fluid Structure Interaction, VOF algorithm"
}

@article{Cirak:2000aa,
	Author = {Cirak, F. and Ortiz, M. and Schr{\"o}der, P.},
	Date-Added = {2007-09-15 23:59:41 +0100},
	Date-Modified = {2007-10-28 15:26:11 +0000},
	Journal = {International Journal for Numerical Methods in Engineering},
	Keywords = {shells},
	Pages = {2039-2072},
	Title = {Subdivision surfaces: a new paradigm for thin-shell finite-element analysis},
	Volume = {47},
	Year = {2000}
}

@article{cirakrad2005,
	Author = {F. Cirak and  R. Radovitzky},
	Journal = {Computers \& Structures},
	Keywords = {fluid-structure},
	Pages = {491-498},
	Title = {A lagrangian-eulerian shell-fluid coupling algorithm based on
                  level sets },
	Volume = {83},
	Year = {2005}
}

@article{Cirak:2001aa,
	Author = {Cirak and Ortiz, M.},
	Date-Added = {2007-09-16 00:09:36 +0100},
	Date-Modified = {2007-10-28 15:29:22 +0000},
	Journal = {International Journal for Numerical Methods in Engineering},
	Keywords = {shells},
	Pages = {813-833},
	Title = {Fully $C^1$-conforming subdivision elements for finite deformation thin-shell analysis},
	Volume = {51},
	Year = {2001}
}

@article{Cirak:2002aa,
	Author = {Cirak, F. and Scott, M.J. and Antonsson, E.K. and Ortiz, M. and Schr{\"o}der, P.},
	Date-Added = {2007-10-28 00:53:03 +0100},
	Date-Modified = {2008-02-18 22:16:08 +0000},
	Journal = {Computer-Aided Design},
	Keywords = {shells, optimization},
	Pages = {137--148},
	Title = {Integrated modeling, finite-element analysis, and engineering design for thin-shell structures using subdivision},
	Volume = {34},
	Year = {2002}
}
@phdthesis{Coda:2003,
author = {H. B. Coda},
title = {An\'alise n\~ao linear geom\'etrica de s\'olidos e estruturas: Uma formula\c{c}\~ao posicional baseada no MEF},
type = {Tese (Tese para concurso de professor titular)},
school = {SET-EESC-USP},
year = {2003},
address = {S\~ao Carlos, S\~ao Paulo, Brasil}
}

@article{CodaandGreco2004,
	Author = {Greco, M. and Coda, H. B.},
	Journal = {Computer Methods in Applied Mechanics and Engineering},
	Pages = {3541-3557},
	Title = { A simple and precise FEM formulation for large deflection 2D
                  frame analysis based on position description },
	Volume = {193},
	Year = {2004}
}

@Article{CodaP:2007,
author = {H. B. Coda and R. R. Paccola},
title = {An alternative positional FEM formulation for geometrically non-linear analysis of shells: Curved triangular isoparametric elements},
journal = {Computional Mechanics},
year = {2007},
volume = {40},
number = {1},
pages = {185-200},
month = {jun},
}

@article{CodaP:2009,
author = {H. B. Coda and R. R. Paccola},
title = {Unconstrained Finite Element for Geometrical
Nonlinear Dynamics of Shells},
journal = {Mathematical Problems in Engineering},
year = {2009},
ISSN = {1024-123X},
volume={}
}

@Article{CodaP:2010,
author = {H. B. Coda and R. R. Paccola},
title = {Improved finite element for 3D laminate frame analysis including warping for any cross-section},
journal = {Applied Mathematical Modelling},
year = {2010},
volume = {34},
number = {4},
pages = {1107-1137}
}

@article{Coda2011319,
title = "A \{FEM\} procedure based on positions and unconstrained vectors applied to non-linear dynamic of 3D frames ",
journal = "Finite Elements in Analysis and Design ",
volume = "47",
number = "4",
pages = "319 - 333",
year = "2011",
note = "",
issn = "0168-874X",
doi = "http://dx.doi.org/10.1016/j.finel.2010.11.001",
url = "http://www.sciencedirect.com/science/article/pii/S0168874X10001885",
author = "Humberto Breves Coda and Rodrigo Ribeiro Paccola",
keywords = "3D bars",
keywords = "Dynamics",
keywords = "Geometrical non-linearity",
keywords = "Finite elements "
}

@article{Cottrell:2006aa,
	Author = {Cottrell, J.A. and Reali, A. and Bazilevs, Y. and Hughes, T.J.R.},
	Journal = {Computer Methods in Applied Mechanics and Engineering},
	Pages = {5257--5296},
	Title = {Isogeometric analysis of structural vibrations},
	Volume = {195},
	Year = {2006}
}

@Article{CoulierD:2016,
	author = {P. Coulier and A. Darve},
	title = {Efficient mesh deformation based on radial basis function interpolation by means of the inverse fast multipole method},
	journal = {Comput. Methods Appl. Mech. Engrg.},
	year = {2016},
	volume = {308},
	pages = {286-309},
}

@article{CremonesiFP:2010,
	title={A Lagrangian finite element approach for the analysis of fluid--structure interaction problems},
	author={Cremonesi, Massimiliano and Frangi, A and Perego, Umberto},
	journal={International Journal for Numerical Methods in Engineering},
	volume={84},
	number={5},
	pages={610--630},
	year={2010},
	publisher={Wiley Online Library}
}

%D papers
@article{DegandandFarhat2002,
title = "A three-dimensional torsional spring analogy method for
                  unstructured dynamic meshes",
journal = "Computers \& Structures",
volume = "80",
number = "3-4",
pages = "305 - 316",
year = "2002",
issn = "0045-7949",
author = "C. Degand and C. Farhat",
}

@article{Delaunay:1934,
	title={Sur la sphere vide},
	author={Delaunay, Boris and others},
	journal={Izv. Akad. Nauk SSSR, Otdelenie Matematicheskii i Estestvennyka Nauk},
	volume={7},
	number={793-800},
	pages={1--2},
	year={1934}
}

@article{DHIA1998899,
title = "Probl\`emes m\'ecaniques multi-\' echelles: la m\'ethode Arlequin",
journal = "Comptes Rendus de l'Acad\'emie des Sciences - Series IIB - Mechanics-Physics-Astronomy",
volume = "326",
number = "12",
pages = "899 - 904",
year = "1998",
note = "",
issn = "1287-4620",
doi = "http://dx.doi.org/10.1016/S1251-8069(99)80046-5",
url = "http://www.sciencedirect.com/science/article/pii/S1251806999800465",
author = "Hachmi Ben Dhia",
}

@article{BENDHIA2001649,
title = "Analyse mathématique de la méthode Arlequin mixte",
journal = "Comptes Rendus de l'Académie des Sciences - Series I - Mathematics",
volume = "332",
number = "7",
pages = "649 - 654",
year = "2001",
note = "",
issn = "0764-4442",
doi = "http://dx.doi.org/10.1016/S0764-4442(01)01900-0",
url = "http://www.sciencedirect.com/science/article/pii/S0764444201019000",
author = "Hachmi Ben Dhia and Guillaume Rateau",
}

@article {Dhia:2008,
	author = {H. B. Dhia},
	title = {Further insights by Theoretical Investigations of the Multiscale Arlequin Method},
	journal = {International Journal for Multiscale Computational Engineering},
	volume = {6},
	number = {3},  
	pages = {215-232},
	year = {2008},
}

@article{doneaALE,
	Author = {Donea, J. and Giuliani, S. and Halleux, J. P.},
	Journal = {Computer Methods in Applied Mechanics and Engineering},
	Pages = {689-723},
	Title = {An arbitrary lagrangian-eulerian finite element method for
                  transient dynamic fluid-structure interactions},
	Volume = {33},
	Year = {1982}
}

@article{DuarteGN:2004,
	title={Arbitrary Lagrangian--Eulerian method for Navier--Stokes equations with moving boundaries},
	author={Duarte, Fabi{\'a}n and Gormaz, Ra{\'u}l and Natesan, Srinivasan},
	journal={Computer Methods in Applied Mechanics and Engineering},
	volume={193},
	number={45-47},
	pages={4819--4836},
	year={2004},
	publisher={Elsevier}
}

%E papers
@article{EdelsbrunnerM:1994,
	title={Three-dimensional alpha shapes},
	author={Edelsbrunner, Herbert and M{\"u}cke, Ernst P},
	journal={ACM Transactions on Graphics (TOG)},
	volume={13},
	number={1},
	pages={43--72},
	year={1994},
	publisher={ACM}
}

@article{Evans:2009aa,
	Author = {Evans, J.A. and Bazilevs, Y. and Babuska, I. and Hughes, T.J.R.},
	Journal = {Computer Methods in Applied Mechanics and Engineering},
	Pages = {1726--1741},
	Title = {n-Widths, sup-infs, and optimality ratios for the k-version of the isogeometric finite element method},
	Volume = {198},
	Year = {2009}
}

%F papers
@Article{FarhatLL:1998,
	author = {C. Farhat and M. Lesoinne and P. LeTallec},
	title = {Load and motion transfer algorithms for fluid/structure interaction problems with non-matching discrete interfaces: Momentum and energy conservation, optimal discretization and application to aeroelasticity},
	journal = {Comput. Methods Appl. Mech. Engrg.},
	year = {1998},
	volume = {157},
	pages = {95-114},
}

@article {Farhat:1998,
	author = "C. Farhat and C. Degand and B. Koobus and M. Lesoinne",
	title = "Torsional springs for two-dimensional dynamic unstructured fluid meshes",
	journal = "Computer Methods in Applied Mechanics and Engineering",
	volume = "163",
	number = "1",
	year = "1998",
	abstract = "",
	pages = "231-245",
	url = "http://www.ingentaconnect.com/content/els/00457825/1998/00000163/00000001/art00016",
	doi = "doi:10.1016/S0045-7825(98)00016-4"
}

@article{Farhat20016,
title = "The discontinuous enrichment method ",
journal = "Computer Methods in Applied Mechanics and Engineering ",
volume = "190",
number = "48",
pages = "6455 - 6479",
year = "2001",
note = "",
issn = "0045-7825",
doi = "http://dx.doi.org/10.1016/S0045-7825(01)00232-8",
url = "http://www.sciencedirect.com/science/article/pii/S0045782501002328",
author = "Charbel Farhat and Isaac Harari and Leopoldo P. Franca",
}

@article{FISH199517,
title = "Multi-grid method for periodic heterogeneous media Part 2: Multiscale modeling and quality control in multidimensional case",
journal = "Computer Methods in Applied Mechanics and Engineering",
volume = "126",
number = "1",
pages = "17 - 38",
year = "1995",
note = "",
issn = "0045-7825",
doi = "http://dx.doi.org/10.1016/0045-7825(95)00812-F",
url = "http://www.sciencedirect.com/science/article/pii/004578259500812F",
author = "Jacob Fish and Vladimir Belsky",

}

@article{FISH1992539,
title = "The s-version of the finite element method",
journal = "Computers \& Structures",
volume = "43",
number = "3",
pages = "539 - 547",
year = "1992",
note = "",
issn = "0045-7949",
doi = "http://dx.doi.org/10.1016/0045-7949(92)90287-A",
url = "http://www.sciencedirect.com/science/article/pii/004579499290287A",
author = "J. Fish",

}

@article{FranciC:2017,
	title={On the effect of standard PFEM remeshing on volume conservation in free-surface fluid flow problems},
	author={Franci, Alessandro and Cremonesi, Massimiliano},
	journal={Computational Particle Mechanics},
	volume={4},
	number={3},
	pages={331--343},
	year={2017},
	publisher={Springer}
}

@Article{FernandesCS:2019,
author="Fernandes, Jeferson Wilian Dossa
and Coda, Humberto Breves
and Sanches, Rodolfo Andr{\'e} Kuche",
title="ALE incompressible fluid--shell coupling based on a higher-order auxiliary mesh and positional shell finite element",
journal="Computational Mechanics",
year="2019",
month="Mar",
day="01",
volume="63",
number="3",
pages="555--569",
issn="1432-0924",
doi="10.1007/s00466-018-1609-2",
url="https://doi.org/10.1007/s00466-018-1609-2"
}

@Article{FernandezMV:2013,
	author = {M. A. Fern{\'a}ndez and J. Mullaert and M. Vidrascu},
	title = {Explicit Robin-Neumann schemes for the coupling of incompressible fluids with thin-walled structures},
	journal = {Comput. Methods Appl. Mech. Engrg.},
	year = {2013},
	volume = {267},
	pages = {566-593},
}
@article{Forsteretal:2007,
	author = {C. F{\"o}rster and W. A. Wall and E. Ramm},
	title = {Artificial added mass instabilities in sequential staggered coupling on nonlinear structures and incompressible viscous flows},
	journal = {Comput. Methods Appl. Mech. Engrg.},
	year = {2007},
	volume = {196},
	pages = {1278-1293},
}

@article{FranciOC:2016,
	author = {A. Franci and E. Oñate and J. M. Carbonell},
	title = {Unified Lagrangian formulation for solid and fluid mechanics and FSI problems},
	journal = {Computer Methods in Applied Mechanics and Engineering},
	year = {2016},
	volume = {298},
	pages = {520-547},
}

@phdthesis{Franci:2015,
	author = {A. Franci},
	title = {Unified Lagrangian formulation for fluid and solid mechanics, fluid-structure interaction and coupled thermal problems using the PFEM},
	year = {2015},
	type = {Doctoral Thesis)},
	school = {Universitat Polit{\'e}cnica de Catalunya},
	address = {Barcelona, Spain},
}
@book{ogden1997non,
	title={Non-linear Elastic Deformations},
	author={Ogden, R.W.},
	isbn={9780486696485},
	lccn={97016162},
	series={Dover Civil and Mechanical Engineering},
	year={1997},
	publisher={Dover Publications}
}

%G papers
@Article{GerbeauV:2003,
	author = {J. F. Gerbeau and M. Vidrascu},
	title = {A quasi-newton algorithmm based on a reduced model for fluid-structure interaction problems in blood flows},
	journal = {ESAIM: Mathematical Modelling and Numerical Analysis},
	year = {2003},
	volume = {37},
	pages = {631-647},
}
@article{GHIA1982387,
title = "High-Re solutions for incompressible flow using the Navier-Stokes equations and a multigrid method",
journal = "Journal of Computational Physics",
volume = "48",
number = "3",
pages = "387 - 411",
year = "1982",
issn = "0021-9991",
doi = "https://doi.org/10.1016/0021-9991(82)90058-4",
url = "http://www.sciencedirect.com/science/article/pii/0021999182900584",
author = "U Ghia and K.N Ghia and C.T Shin"
}
@article{GingoldM:1977,
	author = {R. A. Gingold and J. J. Monaghan},
	title = {Smoothed particle hydrodynamics, theory and
	application to non-spherical stars},
	journal = {Monthly Notices of the Royal Astronomical Society},
	year = {1977},
	volume = {181},
	number = {3},
	pages = {375-389},
  }
  
%H papers
@article{HAFTKA198691,
title = "Structural shape optimization—A survey",
journal = "Computer Methods in Applied Mechanics and Engineering",
volume = "57",
number = "1",
pages = "91 - 106",
year = "1986",
note = "",
issn = "0045-7825",
doi = "http://dx.doi.org/10.1016/0045-7825(86)90072-1",
url = "http://www.sciencedirect.com/science/article/pii/0045782586900721",
author = "Raphael T. Haftka and Ramana V. Grandhi",
}

@article{Hansbo:1992,
	title={The characteristic streamline diffusion method for the time-dependent incompressible Navier-Stokes equations},
	author={Hansbo, Peter},
	journal={Computer Methods in Applied Mechanics and Engineering},
	volume={99},
	number={2-3},
	pages={171--186},
	year={1992},
	publisher={Elsevier}
}

@article{Hansbo20025,
title = "An unfitted finite element method, based on Nitsche’s method, for elliptic interface problems ",
journal = "Computer Methods in Applied Mechanics and Engineering ",
volume = "191",
number = "47–48",
pages = "5537 - 5552",
year = "2002",
note = "",
issn = "0045-7825",
doi = "http://dx.doi.org/10.1016/S0045-7825(02)00524-8",
url = "http://www.sciencedirect.com/science/article/pii/S0045782502005248",
author = "Anita Hansbo and Peter Hansbo",
}

@article{HIRT1981201,
title = "Volume of fluid (VOF) method for the dynamics of free boundaries",
journal = "Journal of Computational Physics",
volume = "39",
number = "1",
pages = "201 - 225",
year = "1981",
issn = "0021-9991",
doi = "https://doi.org/10.1016/0021-9991(81)90145-5",
url = "http://www.sciencedirect.com/science/article/pii/0021999181901455",
author = "C.W Hirt and B.D Nichols"
}

@article{Holligetall2002a,
 author  = {K. H\"ollig and U. Reif and J. Wipper},
 title   = {Weighted Extended B-Spline aproximation of Dirichelet problems},
 journal = "SIAM Journal on Numerical Analysis",
 volume  = {39},
 number  = {2},
 pages   = {442-462},
 year    = {2002}
}

@article{Holligetall2002b,
 author  = {K. H\"ollig and U. Reif and J. Wipper},
 title   = {Multigrid meth@article{Delaunay1934,
    author = {Delaunay, Boris N.},
    citeulike-article-id = {1468422},
    journal = {Bulletin of Academy of Sciences of the USSR},
    number = {6},
    pages = {793--800},
    posted-at = {2007-07-20 10:17:44},
    priority = {2},
    title = {Sur la sph\`{e}re vide},
    year = {1934}
}
ods with web-splines},
 journal = "Numerische Mathematik",
 volume  = {91},
 number  = {},
 pages   = {237-256},
 year    = {2002}
}

@article{Holligetall2005,
 author  = {K. H\"ollig, C. Apprich, A. Streit},
 title   = {Introduction to the Web-method and its applications},
 journal = "Advances in Computational mathematics",
 volume  = {23},
 number  = {},
 pages   = {215-237},
 year    = {2005}
}

@article{Houetal:2012,
	author = {G. Hou and J. Wang and A. Layton},
	title = {Numerical methods for fluid-structure interaction - a review},
	journal = {Commun. Comput. Phys.},
	year = {2012},
	volume = {12},
	pages = {337-377},
}

@article{HUANG2016379,
title = "Isogeometric Analysis of the Nonlinear Deformation of Planar Flexible Beams with Snap-back",
journal = "Acta Mechanica Solida Sinica",
volume = "29",
number = "4",
pages = "379 - 390",
year = "2016",
issn = "0894-9166",
doi = "https://doi.org/10.1016/S0894-9166(16)30241-5",
url = "http://www.sciencedirect.com/science/article/pii/S0894916616302415",
author = "Zheng Huang and Zeng He and Wen Jiang and Hou Qiao and Hui Wang",
keywords = "isogeometric analysis, NURBS, rotation-free beam, bending strip method, snap-back"
}


@article{HUGHES1976313,
title = "Stability, convergence and growth and decay of energy of the average acceleration method in nonlinear structural dynamics",
journal = "Computers \& Structures",
volume = "6",
number = "4",
pages = "313 - 324",
year = "1976",
issn = "0045-7949",
doi = "https://doi.org/10.1016/0045-7949(76)90007-9",
url = "http://www.sciencedirect.com/science/article/pii/0045794976900079",
author = "Thomas J.R. Hughes"
}

@Article{HughesL:1981a,
author = {T. J. R. Hughes and W. K. Liu},
title = {Nonlinear finite element analysis of shells: Part I. three-dimensional shells},
journal = {Computer Methods in Applied Mechanics and Engineering},
year = {1981},
volume = {26},
number = {3},
pages = {331-362},
note = {a. ISSN 0045-7825},
}

@Article{HughesL:1981b,
author = {T. J. R. Hughes and W. K. Liu},
title = {Nonlinear finite element analysis of shells: Part II. two-dimensional shells},
journal = {Computer Methods in Applied Mechanics and Engineering},
year = {1981},
volume = {27},
number = {2},
pages = {167-181},
note = {a. ISSN 0045-7825},
}

@article{HUGHES1981329,
title = "Lagrangian-Eulerian finite element formulation for incompressible viscous flows",
journal = "Computer Methods in Applied Mechanics and Engineering",
volume = "29",
number = "3",
pages = "329 - 349",
year = "1981",
note = "",
issn = "0045-7825",
doi = "http://dx.doi.org/10.1016/0045-7825(81)90049-9",
url = "http://www.sciencedirect.com/science/article/pii/0045782581900499",
author = "Thomas J.R. Hughes and Wing Kam Liu and Thomas K. Zimmermann",
}

@Article{HughesC:1983,
author = {T. J. Hughes and E. Carnoy},
title = {Nonlinear finite element shell formulation accounting for large membrane strains},
journal = {Computer Methods in Applied Mechanics and Engineering},
year = {1983},
volume = {39},
number = {1},
pages = {69-82},
}

@article{HUGHES19983,
title = "Advances in Stabilized Methods in Computational Mechanics The variational multiscale method—a paradigm for computational mechanics",
journal = "Computer Methods in Applied Mechanics and Engineering",
volume = "166",
number = "1",
pages = "3 - 24",
year = "1998",
note = "",
issn = "0045-7825",
doi = "http://dx.doi.org/10.1016/S0045-7825(98)00079-6",
url = "http://www.sciencedirect.com/science/article/pii/S0045782598000796",
author = "Thomas J.R. Hughes and Gonzalo R. Feijóo and Luca Mazzei and Jean-Baptiste Quincy",

}

@ARTICLE{HughesT:1984,
	AUTHOR                 = {T. J. R.~Hughes and T. E.~Tezduyar},
	JOURNAL                = {Computer Methods in Applied Mechanics and Engineering},
	TITLE                  = {Finite Element Methods for First-order Hyperbolic Systems with Particular Emphasis on the Compressible {E}uler Equations},
	VOLUME                 = {45},
	YEAR                   = {1984},
	PAGES                  = {217--284},
	DOI                    = {10.1016/0045-7825(84)90157-9}
}

@Article{Hughesetal:2001,
	author = {T. J. R. Hughes and Assad A. Oberai and Luca Mazzei},
	title = {Large eddy simulation of turbulent channel flows by the variational multiscale method},
	journal = {Physics of Fluids},
	year = {2001},
	volume = {13},
	pages = {1874-1799},
}

@article{Hughes:2005aa,
	Author = {Hughes, T.J.R. and  Cottrell, J.A. and Bazilevs, Y.},
	Date-Added = {2009-01-21 19:26:49 +0000},
	Date-Modified = {2009-01-21 19:31:35 +0000},
	Journal = {Computer Methods in Applied Mechanics and Engineering},
	Keywords = {geometry/subdivision},
	Pages = {4135--4195},
	Title = {Isogeometric analysis: CAD, finite elements, NURBS, exact geometry and mesh refinement},
	Volume = {194},
	Year = {2005}
}

%I papers
@article{IBRAHIMBEGOVIC2000805,
title = "On rigid components and joint constraints in nonlinear dynamics of flexible multibody systems employing 3D geometrically exact beam model",
journal = "Computer Methods in Applied Mechanics and Engineering",
volume = "188",
number = "4",
pages = "805 - 831",
year = "2000",
note = "IVth World Congress on Computational Mechanics. (II). Optimum",
issn = "0045-7825",
doi = "https://doi.org/10.1016/S0045-7825(99)00363-1",
url = "http://www.sciencedirect.com/science/article/pii/S0045782599003631",
author = "Adnan Ibrahimbegović and Saïd Mamouri",
keywords = "Flexible multibody, Dynamics, Constraints, Beam"
}

@article{IBRAHIMBEGOVIC20024241,
title = "Energy conserving/decaying implicit time-stepping scheme for nonlinear dynamics of three-dimensional beams undergoing finite rotations",
journal = "Computer Methods in Applied Mechanics and Engineering",
volume = "191",
number = "37",
pages = "4241 - 4258",
year = "2002",
issn = "0045-7825",
doi = "https://doi.org/10.1016/S0045-7825(02)00377-8",
url = "http://www.sciencedirect.com/science/article/pii/S0045782502003778",
author = "Adnan Ibrahimbegovic and Said Mamouri"
}

@article{Ibrahimbegovic:2002,
	author = {A. Ibrahimbegovic and R. L. Taylor},
	title = {On the role of frame-invariance in structural
	mechanics models at finite rotations},
	journal = {Comput. Methods Appl. Mech. Engrg.},
	year = {2002},
	volume = {191},
	pages = {5159-5176},
}

@article{IdelsohnOCD:2003,
	title={The meshless finite element method},
	author={Idelsohn, Sergio R and Onate, Eugenio and Calvo, Nestor and Del Pin, Facundo},
	journal={International Journal for Numerical Methods in Engineering},
	volume={58},
	number={6},
	pages={893--912},
	year={2003},
	publisher={Wiley Online Library}
}

@article{IdelsohnOP:2004,
	author = {S. R. Idelsohn and E. Oñate and F. D. Pin},
	title = {The particle finite element method: 
a powerful tool to solve incompressible flows with free-surfaces and breaking waves},
	journal = {International Journal for Numerical Methods in Engineering},
	year = {2004},
	volume = {61},
	number = {7},
	pages = {964-989},
  	publisher={Wiley Online Library}
}

@article{IdelsohnOPC:2006,
	author = {S. R. Idelsohn and E. Oñate and F. D. Pin and N. Calvo},
	title = {Fluid–structure interaction using the particle finite element method},
	journal = {Computer Methods in Applied Mechanics and Engineering},
	year = {2006},
	volume = {195},
	number = {17-18},
	pages = {2100-2123},
}

@article{IdelsohnMLO:2008,
	title={Unified Lagrangian formulation for elastic solids and incompressible fluids: application to fluid--structure interaction problems via the PFEM},
	author={Idelsohn, Sergio R and Marti, Julio and Limache, A and O{\~n}ate, Eugenio},
	journal={Computer Methods in Applied Mechanics and Engineering},
	volume={197},
	number={19-20},
	pages={1762--1776},
	year={2008},
	publisher={Elsevier}
}

%J papers
@Article{Jameson1,
author = {Antony Jameson},
title = {Aerodynamic design via control theory},
journal = {Journal of Scientific Computing},
year = {1988},
pages = {233-260},
volume={}
}

@Article{Jameson3,
author="Jameson, A. and Martinelli, L. and Pierce, N.A.",
title="Optimum Aerodynamic Design Using the Navier-Stokes Equations",
journal="Theoretical and Computational Fluid Dynamics",
volume="10",
number="1",
pages="213--237",
issn="1432-2250",
doi="10.1007/s001620050060",
url="http://dx.doi.org/10.1007/s001620050060",
year="1998"
}

@article{JamondD,
author = {Jamond, Olivier and Dhia, Hachmi Ben},
title = {Incompressibility in the multimodel Arlequin framework},
journal = {International Journal for Numerical Methods in Engineering},
volume = {94},
number = {4},
pages = {374-399},
year = {2013},
keywords = {incompressibility, Arlequin method, mixed finite elements, Inf–Sup condition},
doi = {10.1002/nme.4454},
url = {https://onlinelibrary.wiley.com/doi/abs/10.1002/nme.4454},
eprint = {https://onlinelibrary.wiley.com/doi/pdf/10.1002/nme.4454}
}

@article{JELENIC20014195,
title = "Dynamic analysis of 3D beams with joints in presence of large rotations",
journal = "Computer Methods in Applied Mechanics and Engineering",
volume = "190",
number = "32",
pages = "4195 - 4230",
year = "2001",
issn = "0045-7825",
doi = "https://doi.org/10.1016/S0045-7825(00)00344-3",
url = "http://www.sciencedirect.com/science/article/pii/S0045782500003443",
author = "G. Jelenić and M.A. Crisfield",
keywords = "Master-slave technique, Multi-body dynamics, Conserving dynamic integrators, 3D rotations, Flexible mechanisms"
}

@article{Johansen199860,
title = "A Cartesian Grid Embedded Boundary Method for Poisson's Equation on Irregular Domains ",
journal = "Journal of Computational Physics ",
volume = "147",
number = "1",
pages = "60 - 85",
year = "1998",
note = "",
issn = "0021-9991",
doi = "http://dx.doi.org/10.1006/jcph.1998.5965",
url = "http://www.sciencedirect.com/science/article/pii/S0021999198959654",
author = "Hans Johansen and Phillip Colella"
}

@Article{JohnsonT:1994,
	author = {A. A. Johnson and T. E. Tezduyar},
	title = {Mesh update strategies in parallel finite element computations of flow problems with moving boundaries and interfaces},
	journal = {Comput. Methods Appl. Mech. Engrg.},
	year = {1994},
	volume = {119},
	pages = {73-94},
}

%K papers
@article{KanchiM:2007,
author = {H. Kanchi and A. Masud},
title = {A 3D adaptative mesh moving scheme},
journal = {International Journal for Numerical Methods in Fluids},
year = {2007},
volume = {54},
pages = {923-944},
}

@article{KEES20114536,
title = "A conservative level set method suitable for variable-order approximations and unstructured meshes",
journal = "Journal of Computational Physics",
volume = "230",
number = "12",
pages = "4536 - 4558",
year = "2011",
issn = "0021-9991",
doi = "https://doi.org/10.1016/j.jcp.2011.02.030",
url = "http://www.sciencedirect.com/science/article/pii/S0021999111001197",
author = "C.E. Kees and I. Akkerman and M.W. Farthing and Y. Bazilevs",
keywords = "Free-surface flow, Level set, Mass conservation, Finite elements, Fluids, Residual-based variational multiscale method"
}

@article{KoshizukaTO:1995,
	title={A particle method for incompressible viscous flow with fluid fragmentation},
	author={Koshizuka, Seichii},
	journal={Comput. Fluid Dyn. J.},
	volume={4},
	pages={29},
	year={1995}
}

@article{KoshizukaO:1996,
	author = {S. Koshizuka and Y. Oka},
	title = {Moving-particle semi-implicit method for fragmentation of incompressible fluid},
	journal = {Nuclear Science and Engineering},
	year = {1996},
	volume = {123},
	number = {3},
	pages = {421-434},
}

@ARTICLE{Kreiss20061141,
author={Kreiss, H.-O. and Petersson, N.A.},
title={A second order accurate embedded boundary method for the wave equation with Dirichlet data},
journal={SIAM Journal on Scientific Computing},
year={2006},
volume={27},
number={4},
pages={1141-1167},
doi={10.1137/040604728},
note={cited By 35},
url={http://www.scopus.com/inward/record.url?eid=2-s2.0-33744904583&partnerID=40&md5=a02f5cfcb6b3c71fb72c869793364a41},
document_type={Article},
source={Scopus},
}

%L papers
@article{Laitone:1960,
	title={The second approximation to cnoidal and solitary waves},
	author={Laitone, EV},
	journal={Journal of fluid mechanics},
	volume={9},
	number={3},
	pages={430--444},
	year={1960},
	publisher={Cambridge University Press}
}

@article{LareseROI:2008,
	title={Validation of the particle finite element method (PFEM) for simulation of free surface flows},
	author={Larese, A and Rossi, Riccardo and O{\~n}ate, E and Idelsohn, SR},
	journal={Engineering Computations},
	volume={25},
	number={4},
	pages={385--425},
	year={2008},
	publisher={Emerald Group Publishing Limited}
}

@Article{Lefrancois:2008,
	author = {E. Lefran\c{c}ois},
	title = {A simple mesh deformation technique for fluid-structure interaction based on a submesh approach},
	journal = {Int. J. Numer. Meth. Engng.},
	year = {2008},
	volume = {75},
	pages = {1085-1101},
}

@article{LesoinneFarhat96,
title = "Geometric conservation laws for flow problems with moving boundaries and deformable meshes, and their impact on aeroelastic computations",
journal = "Computer Methods in Applied Mechanics and Engineering",
volume = "134",
number = "1-2",
pages = "71 - 90",
year = "1996",
note = "",
issn = "0045-7825",
doi = "10.1016/0045-7825(96)01028-6",
url = "http://www.sciencedirect.com/science/article/pii/0045782596010286",
author = "M. Lesoinne and C. Farhat"
}

@article{LiuLLZ:2003,
	author = {M. B. Liu and G. R. Liu and K. Y. Lam and Z. Zong},
	title = {Smoothed particle hydrodynamics for numerical simulation of underwater explosion},
	journal = {Computational Mechanics},
	year = {2003},
	volume = {30},
	number = {2},
	pages = {106-118},
}

@Article{LiuQX:2006,
	author = {X. Liu and N. Qin and H. Xia},
	title = {Fast dynamic grid deformation based on Delaunay graph mapping},
	journal = {Journal of Computational Physics},
	year = {2006},
	volume = {211},
	pages = {405-423},
}

%M papers
@article{MartinM:1952,
	author = {J. C. Martin and W. J. Moyce},
	title = {An Experimental Study of the Collapse of Liquid Columns on a Rigid Horizontal Plane},
	journal = {Philosophical Transactions of the Royal Society of London. Series A},
	year = {1952},
	volume = {244},
	pages = {312-324},
}

@article{Mattiasson,
author = {Mattiasson, Kjell},
title = {Numerical results from large deflection beam and frame problems analysed by means of elliptic integrals},
journal = {International Journal for Numerical Methods in Engineering},
volume = {17},
number = {1},
year = {1981},
pages = {145-153},
doi = {10.1002/nme.1620170113},
url = {https://onlinelibrary.wiley.com/doi/abs/10.1002/nme.1620170113},
eprint = {https://onlinelibrary.wiley.com/doi/pdf/10.1002/nme.1620170113},
}

@ARTICLE{MasudH:1997,
	AUTHOR                 = {A.~Masud and T. J. R.~Hughes},
	JOURNAL                = {Computer Methods in Applied Mechanics and Engineering},
	TITLE                  = {A Space--Time {G}alerkin/Least-Squares Finite Element Formulation of the {N}avier-{S}tokes Equations for Moving Domain Problems},
	VOLUME                 = {146},
	YEAR                   = {1997},
	PAGES                  = {91--126}
}

@article{Maxworthy:1976,
	title={Experiments on collisions between solitary waves},
	author={Maxworthy, T},
	journal={Journal of Fluid Mechanics},
	volume={76},
	number={1},
	pages={177--186},
	year={1976},
	publisher={Cambridge University Press}
}

@article{MELENK1996,
title = "The partition of unity finite element method: Basic theory and applications",
journal = "Computer Methods in Applied Mechanics and Engineering",
volume = "139",
number = "1",
pages = "289 - 314",
year = "1996",
note = "",
issn = "0045-7825",
doi = "http://dx.doi.org/10.1016/S0045-7825(96)01087-0",
url = "http://www.sciencedirect.com/science/article/pii/S0045782596010870",
author = "J.M. Melenk and I. Babuska",
}

@ARTICLE{MittalT:1991,
	AUTHOR                 = {S.~Mittal and T. E.~Tezduyar},
	JOURNAL                = {International Journal for Numerical Methods in Fluids},
	TITLE                  = {A Finite Element Study of Incompressible Flows Past Oscillating Cylinders and Aerofoils},
	VOLUME                 = {15},
	YEAR                   = {1992},
	PAGES                  = {1073--1118},
	DOI                    = {10.1002/fld.1650150911}
}

@ARTICLE{Mittal2005239,
author={Mittal, R. and Iaccarino, G.},
title={Immersed boundary methods},
journal={Annual Review of Fluid Mechanics},
year={2005},
volume={37},
pages={239-261},
doi={10.1146/annurev.fluid.37.061903.175743},
note={cited By 1024},
url={http://www.scopus.com/inward/record.url?eid=2-s2.0-14544293952&partnerID=40&md5=f70f88a44a553a21a934e011ec712cac},
document_type={Article},
source={Scopus},
}

@article{Moes2003,
title = "A computational approach to handle complex microstructure geometries ",
journal = "Computer Methods in Applied Mechanics and Engineering ",
volume = "192",
number = "28–30",
pages = "3163 - 3177",
year = "2003",
note = "Multiscale Computational Mechanics for Materials and Structures ",
issn = "0045-7825",
doi = "http://dx.doi.org/10.1016/S0045-7825(03)00346-3",
url = "http://www.sciencedirect.com/science/article/pii/S0045782503003463",
author = "N. Moës and M. Cloirec and P. Cartraud and J.-F. Remacle",
}

@article{Mohammadi1,
 author  = {B. Mohammadi and O. Pironneau},
 title   = {Shape optimization in fluid mechanics},
 journal = "Annu. Rev. Fluid Mech.",
 volume  = {36},
 number  = {11},
 pages   = {1-25},
 year    = {2004}
}

@article{Monaghan:1994,
	author = {J. J. Monaghan},
	title = {Simulating free surface flows with
SPH},
	journal = {Journal of Computational Physics},
	year = {1994},
	volume = {110},
	number = {2},
	pages = {3399-406},
}

%N papers
@article{NavtiLT:1998,
	title={Numerical simulation of viscous free surface flow},
	author={Navti, SE and Lewis, RW and Taylor, C},
	journal={International Journal of Numerical Methods for Heat \& Fluid Flow},
	volume={8},
	number={4},
	pages={445--464},
	year={1998},
	publisher={MCB UP Ltd}
}

@Article{Nayroles1992,
author="Nayroles, B.
and Touzot, G.
and Villon, P.",
title="Generalizing the finite element method: Diffuse approximation and diffuse elements",
journal="Computational Mechanics",
year="1992",
volume="10",
number="5",
pages="307--318",
issn="1432-0924",
doi="10.1007/BF00364252",
url="http://dx.doi.org/10.1007/BF00364252"
}

@article{Nithiarasu:2005,
	title={An arbitrary Lagrangian Eulerian (ALE) formulation for free surface flows using the characteristic-based split (CBS) scheme},
	author={Nithiarasu, P},
	journal={International Journal for Numerical Methods in Fluids},
	volume={48},
	number={12},
	pages={1415--1428},
	year={2005},
	publisher={Wiley Online Library}
}


@article{Nitsche:1971aa,
	Author = {Nitsche, J.A.},
	Journal = {Abhandlungen aus dem Mathematischen Seminar der Universit\"at Hamburg},
	Pages = {9-15},
	Title = {{\"U}ber ein Variationsprinzip zur L\"osung von {D}irichlet-Problemen bei Verwendung von Teilr\"aumen, die keinen Randbedingungen unterworfen sind},
	Volume = {36},
	Year = {1971}}


%O papers
@article{OnateI:2004,
	title={The particle finite element method—an overview},
	author={O{\~n}ate, Eugenio and Idelsohn, Sergio R and Del Pin, Facundo and Aubry, Romain},
	journal={International Journal of Computational Methods},
	volume={1},
	number={02},
	pages={267--307},
	year={2004},
	publisher={World Scientific}
}

@article{OnateICR:2008,
	title={Advances in the particle finite element method for the analysis of fluid--multibody interaction and bed erosion in free surface flows},
	author={Onate, Eugenio and Idelsohn, Sergio R and Celigueta, Miguel A and Rossi, Riccardo},
	journal={Computer methods in applied mechanics and engineering},
	volume={197},
	number={19-20},
	pages={1777--1800},
	year={2008},
	publisher={Elsevier}
}

@article{OnateIF:2011,
	title={Consistent pressure Laplacian stabilization for incompressible continua via higher-order finite calculus},
	author={O{\~n}ate, Eugenio and Idelsohn, Sergio R and Felippa, Carlos A},
	journal={International Journal for Numerical Methods in Engineering},
	volume={87},
	number={1-5},
	pages={171--195},
	year={2011},
	publisher={Wiley Online Library}
}

@Article{OnateC:2014,
author="O{\~{n}}ate, Eugenio
and Carbonell, Josep M.",
title="Updated lagrangian mixed finite element formulation for quasi and fully incompressible fluids",
journal="Computational Mechanics",
year="2014",
month="Dec",
day="01",
volume="54",
number="6",
pages="1583--1596",
issn="1432-0924",
doi="10.1007/s00466-014-1078-1",
url="https://doi.org/10.1007/s00466-014-1078-1"
}

%P papers
@article{PACCOLA2015343,
title = "Geometrical non-linear analysis of fiber reinforced elastic solids considering debounding",
journal = "Composite Structures",
volume = "133",
pages = "343 - 357",
year = "2015",
issn = "0263-8223",
doi = "https://doi.org/10.1016/j.compstruct.2015.07.097",
url = "http://www.sciencedirect.com/science/article/pii/S0263822315006431",
author = "Rodrigo Ribeiro Paccola and Dorival Piedade Neto and Humberto Breves Coda",
}

@article{PESKIN1972252,
title = "Flow patterns around heart valves: A numerical method",
journal = "Journal of Computational Physics",
volume = "10",
number = "2",
pages = "252 - 271",
year = "1972",
note = "",
issn = "0021-9991",
doi = "http://dx.doi.org/10.1016/0021-9991(72)90065-4",
url = "http://www.sciencedirect.com/science/article/pii/0021999172900654",
author = "Charles S Peskin",

}

@article{Peskin:1977,
	title = {Numerical analysis of blood flow in the heart},
	journal = {Journal of Computational Physics},
	volume = {25},
	number = {3},
	pages = {220 - 252},
	year = {1977},
	issn = {0021-9991},
	author = {Charles S. Peskin}
}


%Q papers
%R papers
@article{Radovitzky:1998,
	title={Lagrangian finite element analysis of newtonian fluid flows},
	author={Radovitzky, R and Ortiz, M},
	journal={International Journal for Numerical Methods in Engineering},
	volume={43},
	number={4},
	pages={607--619},
	year={1998},
	publisher={Wiley Online Library}
}

@article{RAKNES2013127,
title = "Isogeometric rotation-free bending-stabilized cables: Statics, dynamics, bending strips and coupling with shells",
journal = "Computer Methods in Applied Mechanics and Engineering",
volume = "263",
pages = "127 - 143",
year = "2013",
issn = "0045-7825",
doi = "https://doi.org/10.1016/j.cma.2013.05.005",
url = "http://www.sciencedirect.com/science/article/pii/S0045782513001229",
author = "S.B. Raknes and X. Deng and Y. Bazilevs and D.J. Benson and K.M. Mathisen and T. Kvamsdal",
keywords = "Isogeometric analysis, NURBS, Cable structures, Euler–Bernoulli beams, Rotation-free discretization, Bending strip method"
}

@article{RamaswamyKN:1986,
	title={Lagrangian finite element method for the analysis of two-dimensional sloshing problems},
	author={Ramaswamy, Balasubramaniam and Kawahara, Mutsuto and Nakayama, Tsukasa},
	journal={International Journal for Numerical Methods in Fluids},
	volume={6},
	number={9},
	pages={659--670},
	year={1986},
	publisher={Wiley Online Library}
}

@article{RamaswamyK:1987,
	title={Arbitrary Lagrangian--Eulerianc finite element method for unsteady, convective, incompressible viscous free surface fluid flow},
	author={Ramaswamy, Balasubramaniam and Kawahara, Mutsuto},
	journal={International Journal for Numerical Methods in Fluids},
	volume={7},
	number={10},
	pages={1053--1075},
	year={1987},
	publisher={Wiley Online Library}
}

@article{Rammetal:1993,
author="Ramm E., Bletzinger K-U., Reitinger R.",
title = "Shape optimization of shell structures",
journal = "Revue européene des éléments finis",
volume = "2",
number = "377–98",
year="1993"
}

@article{RandlesL:1996,
	author = {P. W. Randles and L. D. Libersky},
	title = {Smoothed particle
hydrodynamics: Some recent improvements and applications},
	journal = {Computer Methods in Applied Mechanics and
Engineering},
	year = {1996},
	volume = {139},
	number = {1-4},
	pages = {375-408},
}

@article{Rifai1999393,
title = "Multiphysics simulation of flow-induced vibrations and aeroelasticity on parallel computing platforms ",
journal = "Computer Methods in Applied Mechanics and Engineering ",
volume = "174",
number = "3–4",
pages = "393 - 417",
year = "1999",
note = "",
issn = "0045-7825",
doi = "http://dx.doi.org/10.1016/S0045-7825(98)00306-5",
url = "http://www.sciencedirect.com/science/article/pii/S0045782598003065",
author = "Steven M. Rifai and Zdeněk Johan and Wen-Ping Wang and Jean-Pierre Grisval and Thomas J.R. Hughes and Robert M. Ferencz"
}

@ARTICLE{Ruberg2012266,
author={R\"uberg, T. and Cirak, F.},
title={Subdivision-stabilised immersed b-spline finite elements for moving boundary flows},
journal={Computer Methods in Applied Mechanics and Engineering},
year={2012},
volume={209-212},
pages={266-283},
doi={10.1016/j.cma.2011.10.007},
note={cited By 17},
url={http://www.scopus.com/inward/record.url?eid=2-s2.0-84855486317&partnerID=40&md5=f673916cc705537905a263fabf67f5d0},
document_type={Article},
source={Scopus},
}

@article {RubergC:2014,
author = {Rüberg, T. and Cirak, F.},
title = {A fixed-grid b-spline finite element technique for fluid–structure interaction},
journal = {International Journal for Numerical Methods in Fluids},
volume = {74},
number = {9},
publisher = {John Wiley & Sons, Ltd},
issn = {1097-0363},
url = {http://dx.doi.org/10.1002/fld.3864},
doi = {10.1002/fld.3864},
pages = {623--660},
keywords = {finite elements, fluid–structure interaction, Navier–Stokes, pressure–correction method, b-splines, isogeometric analysis},
year = {2014},
}

%S papers
@article{Sanches20111432,
title = "Immersed b-spline (i-spline) finite element method for geometrically complex domains ",
journal = "Computer Methods in Applied Mechanics and Engineering ",
volume = "200",
number = "13–16",
pages = "1432 - 1445",
year = "2011",
note = "",
issn = "0045-7825",
doi = "http://dx.doi.org/10.1016/j.cma.2010.12.008",
url = "http://www.sciencedirect.com/science/article/pii/S0045782510003531",
author = "R.A.K. Sanches and P.B. Bornemann and F. Cirak",
}

@Article{SanchesC:2013,
author = {R. A. K. Sanches and H. B. Coda},
title = {Unconstrained vector nonlinear dynamic shell formulation applied to Fluid-Structure Interaction},
journal = {Computer Methods in Applied Mechanics and Engeneering},
year = {2013},
volume = {259},
pages = {177-196}
}

@Article{SanchesC:2014,
	author = {R. A. K. Sanches and H. B. Coda},
	title = {On fluid-shell coupling using an arbitrary Lagrangian-Eulerian fluid solver coupled to a positional Lagrangian shell solver},
	journal = {Applied Mathematical Modelling},
	year = {2014},
	volume = {38},
	pages = {3401-3418},
}

@article{SanchesC:2017,
title = "Flexible multibody dynamics finite element formulation applied to structural progressive collapse analysis ",
journal = "Latin American Journal of Solids and Structures",
volume = "14",
number = "1",
year = "2017",
note = "",
author = "Rodolfo Andre Kuche Sanches and Humberto Breves Coda",
}

@article{SimoF:1989,
	author = {J. C. Simo and D. D. Fox},
	title = {On a stress resultant geometrically exact shell model. Part I: formulation and optimal parametrization},
	journal = {Comput. Methods Appl. Mech. Engrg.},
	year = {1989},
	volume = {72},
	pages = {267-304},
}

@article{Sondak2015596,
title = "A new class of finite element variational multiscale turbulence models for incompressible magnetohydrodynamics ",
journal = "Journal of Computational Physics ",
volume = "295",
number = "",
pages = "596 - 616",
year = "2015",
note = "",
issn = "0021-9991",
doi = "http://dx.doi.org/10.1016/j.jcp.2015.04.035",
url = "http://www.sciencedirect.com/science/article/pii/S0021999115002922",
author = "D. Sondak and J.N. Shadid and A.A. Oberai and R.P. Pawlowski and E.C. Cyr and T.M. Smith",
}

@Article{SteinTB:1998,
	author = {K. Stein and T. E. Tezduyar and R. Benney},
	title = {Automatic mesh update with the solid-extension mesh moving technique},
	journal = {Comput. Methods Appl. Mech. Engrg.},
	year = {2004},
	volume = {193},
	pages = {2019-2032},
}

@article{Steger1987301,
title = "On the use of composite grid schemes in computational aerodynamics ",
journal = "Computer Methods in Applied Mechanics and Engineering ",
volume = "64",
number = "1–3",
pages = "301 - 320",
year = "1987",
note = "",
issn = "0045-7825",
doi = "http://dx.doi.org/10.1016/0045-7825(87)90045-4",
url = "http://www.sciencedirect.com/science/article/pii/0045782587900454",
author = "Joseph L. Steger and John A. Benek"
}

@article{stein:58,
author = {K. Stein and T. Tezduyar and R. Benney},
collaboration = {},
title = {Mesh Moving Techniques for Fluid-Structure Interactions With Large Displacements},
publisher = {ASME},
year = {2003},
journal = {Journal of Applied Mechanics},
volume = {70},
number = {1},
pages = {58-63},
keywords = {mesh generation; elasticity; deformation},
url = {http://link.aip.org/link/?AMJ/70/58/1},
doi = {10.1115/1.1530635}
}

@article{Strouboulis20014,
title = "The generalized finite element method ",
journal = "Computer Methods in Applied Mechanics and Engineering ",
volume = "190",
number = "32–33",
pages = "4081 - 4193",
year = "2001",
note = "",
issn = "0045-7825",
doi = "http://dx.doi.org/10.1016/S0045-7825(01)00188-8",
url = "http://www.sciencedirect.com/science/article/pii/S0045782501001888",
author = "T. Strouboulis and K. Copps and I. Babuska",
}

@article{SungCY:2000,
	title={Time-accurate computation of unsteady free surface flows using an ALE-segregated equal-order FEM},
	author={Sung, J and Choi, HG and Yoo, JY},
	journal={Computer methods in applied mechanics and engineering},
	volume={190},
	number={11-12},
	pages={1425--1440},
	year={2000},
	publisher={Elsevier}
}

@article{SUSSMAN1994146,
title = "A Level Set Approach for Computing Solutions to Incompressible Two-Phase Flow",
journal = "Journal of Computational Physics",
volume = "114",
number = "1",
pages = "146 - 159",
year = "1994",
issn = "0021-9991",
doi = "https://doi.org/10.1006/jcph.1994.1155",
url = "http://www.sciencedirect.com/science/article/pii/S0021999184711557",
author = "Mark Sussman and Peter Smereka and Stanley Osher"
}

@article{Sukumar20016183,
title = "Modeling holes and inclusions by level sets in the extended finite-element method ",
journal = "Computer Methods in Applied Mechanics and Engineering ",
volume = "190",
number = "46–47",
pages = "6183 - 6200",
year = "2001",
note = "",
issn = "0045-7825",
doi = "http://dx.doi.org/10.1016/S0045-7825(01)00215-8",
url = "http://www.sciencedirect.com/science/article/pii/S0045782501002158",
author = "N. Sukumar and D.L. Chopp and N. Moës and T. Belytschko",
}

%T papers

@Article{TakizawaT:2011,
	author={Takizawa, Kenji	and Tezduyar, Tayfun E.},
	title={Multiscale space-time fluid-structure interaction techniques},
	journal={Computational Mechanics},
	year={2011},
	volume={48},
	number={3},
	pages={247-267},
}

@Article{TakizawaTO:2018,
author="Takizawa, Kenji
and Tezduyar, Tayfun E.
and Otoguro, Yuto",
title="Stabilization and discontinuity-capturing parameters for space--time flow computations with finite element and isogeometric discretizations",
journal="Computational Mechanics",
year="2018",
month="Apr",
day="04",
issn="1432-0924",
doi="10.1007/s00466-018-1557-x",
url="https://doi.org/10.1007/s00466-018-1557-x"
}

@Article{TezduyarBML:1992,
	author = {T. E. Tezduyar and M. Behr and S. Mittal and J. Liou},
	title = {A new strategy for finite element computations involving moving boundaries and interfaces - the deforming-spatial-domain/space-time procedure: {II}. Computation of free-surface flows, two-loquid flows, and flows with drifting cylinders},
	journal = {Comput. Methods Appl. Mech. Engrg.},
	year = {1992},
	volume = {94},
	pages = {353-371},
}

@Article{TezduyarBL:1992,
	author = {T. E. Tezduyar and M. Behr and J. Liou},
	title = {A new strategy for finite element computations involving moving boundaries and interfaces - the deforming-spatial-domain/space-time procedure: I. The concept and the preliminary numerical tests},
	journal = {Comput. Methods Appl. Mech. Engrg.},
	year = {1992},
	volume = {94},
	pages = {339-351},
}

@article{TEZDUYAR1992221,
title = "Incompressible flow computations with stabilized bilinear and linear equal-order-interpolation velocity-pressure elements",
journal = "Computer Methods in Applied Mechanics and Engineering",
volume = "95",
number = "2",
pages = "221 - 242",
year = "1992",
issn = "0045-7825",
doi = "https://doi.org/10.1016/0045-7825(92)90141-6",
url = "http://www.sciencedirect.com/science/article/pii/0045782592901416",
author = "T.E. Tezduyar and S. Mittal and S.E. Ray and R. Shih"
}

@ARTICLE{TezduyarABJM:1993,
	AUTHOR                 = {T.~Tezduyar and S.~Aliabadi and M.~Behr and A.~Johnson and S.~Mittal},
	JOURNAL                = {Computer},
	TITLE                  = {Parallel Finite-Element Computation of {3D} Flows},
	VOLUME                 = {26},
	YEAR                   = {1993},
	PAGES                  = {27--36},
	DOI                    = {10.1109/2.237441},
	NUMBER                 = {10}
}

@ARTICLE{Tezduyar:1997,
	AUTHOR                 = {T.~Tezduyar and S.~Aliabadi and M.~Behr},
	JOURNAL                = {Computer Methods in Applied Mechanics and Engineering},
	TITLE                  = {{E}nhanced-{D}iscretization {I}nterface-{C}apturing {T}echnique ({EDICT}) for Computation of Unsteady Flows with Interfaces},
	VOLUME                 = {155},
	YEAR                   = {1998},
	PAGES                  = {235--248},
	DOI                    = {10.1016/S0045-7825(97)00194-1}
}

@ARTICLE{Tezduyar:1998,
	AUTHOR                 = {T. E.~Tezduyar},
	JOURNAL                = {Journal of Wind Engineering and Industrial Aerodynamics},
	TITLE                  = {{CFD} Methods for Three-dimensional Computation of Complex Flow Problems},
	VOLUME                 = {81},
	YEAR                   = {1999},
	PAGES                  = {97--116},
	DOI                    = {10.1016/S0167-6105(99)00011-2}
}

@article{TEZDUYAR1998235,
title = "Enhanced-Discretization Interface-Capturing Technique (EDICT) for computation of unsteady flows with interfaces",
journal = "Computer Methods in Applied Mechanics and Engineering",
volume = "155",
number = "3",
pages = "235 - 248",
year = "1998",
issn = "0045-7825",
doi = "https://doi.org/10.1016/S0045-7825(97)00194-1",
url = "http://www.sciencedirect.com/science/article/pii/S0045782597001941",
author = "Tayfun Tezduyar and Shahrouz Aliabadi and Marek Behr"
}

@article{TezduyarO:2000,
	title = {Finite element stabilization parameters computed from element matrices and vectors},
	journal = {Computer Methods in Applied Mechanics and Engineering},
	volume = {190},
	number = {3},
	pages = {411-430},
	year = {2000},
	author = {Tayfun E. Tezduyar and Yasuo Osawa},
}

@article {TEZDUYAR2005,
author = {Tezduyar, Tayfun E. and Sathe, Sunil},
title = {Enhanced-discretization successive update method (EDSUM)},
journal = {International Journal for Numerical Methods in Fluids},
volume = {47},
number = {6-7},
publisher = {John Wiley & Sons, Ltd.},
issn = {1097-0363},
url = {http://dx.doi.org/10.1002/fld.836},
doi = {10.1002/fld.836},
pages = {633--654},
keywords = {flow simulation, enhanced discretization and solution techniques, iterative methods, successive update method, multi-level iteration techniques},
year = {2005},
}

@Article{TezduyarS:2006,
author = {T. E. Tezduyar and M. Senga},
title = {Stabilization and shock-capturing parameters in SUPG formulation of compressible flows},
journal = {Computer Methods in Applied Mechanics and Engineering},
year = {2006},
volume = {195},
number = {13-16},
pages = {1621-1632},
}

@article{TEZDUYAR2000403,
title = "EDICT for 3D computation of two-fluid interfaces",
journal = "Computer Methods in Applied Mechanics and Engineering",
volume = "190",
number = "3",
pages = "403 - 410",
year = "2000",
issn = "0045-7825",
doi = "https://doi.org/10.1016/S0045-7825(00)00210-3",
url = "http://www.sciencedirect.com/science/article/pii/S0045782500002103",
author = "Tayfun E. Tezduyar and Shahrouz Aliabadi"
}

@article{Truesdell:1955,
	author = {C. A. Truesdell},
	title = {Hypo-elasticity},
	journal = {J. Rational Mech. Anal.},
	year = {1955},
	volume = {4},
	pages = {83-133},
}

%U papers
%V papers
%W papers
@article{Weng20161097,
title = "Two-grid variational multiscale method with bubble stabilization for convection diffusion equation ",
journal = "Applied Mathematical Modelling ",
volume = "40",
number = "2",
pages = "1097 - 1109",
year = "2016",
note = "",
issn = "0307-904X",
doi = "http://dx.doi.org/10.1016/j.apm.2015.06.023",
url = "http://www.sciencedirect.com/science/article/pii/S0307904X15004060",
author = "Zhifeng Weng and Jerry Zhijian Yang and Xiliang Lu",
}

@article{WANG2015230,
title = "Superconvergent isogeometric free vibration analysis of Euler–Bernoulli beams and Kirchhoff plates with new higher order mass matrices",
journal = "Computer Methods in Applied Mechanics and Engineering",
volume = "286",
pages = "230 - 267",
year = "2015",
issn = "0045-7825",
doi = "https://doi.org/10.1016/j.cma.2014.12.026",
url = "http://www.sciencedirect.com/science/article/pii/S0045782514005052",
author = "Dongdong Wang and Wei Liu and Hanjie Zhang",
keywords = "Isogeometric analysis, Euler–Bernoulli beam, Kirchhoff plate, Free vibration, Higher order mass matrix, Superconvergence"
}
@article {Wang:FLD2556,
author = {Wang, K. and Rallu, A. and Gerbeau, J.-F. and Farhat, C.},
title = {Algorithms for interface treatment and load computation in embedded boundary methods for fluid and fluid–structure interaction problems},
journal = {International Journal for Numerical Methods in Fluids},
volume = {67},
number = {9},
publisher = {John Wiley & Sons, Ltd.},
issn = {1097-0363},
url = {http://dx.doi.org/10.1002/fld.2556},
doi = {10.1002/fld.2556},
pages = {1175--1206},
keywords = {ALE, Eulerian, finite volume method, fluid–structure interaction, immersed boundary method, level sets},
year = {2011},
}
%X papers
%Y papers
%Z papers




%% --------------------------------------------------------------------------
%% Books
%% --------------------------------------------------------------------------
%A Books
@book{Anderson,
 author    = {J. D. Anderson},
 title     = {Computational fluid dynamics - the basics with applications},
 publisher = {McGraw-Hill Book Company},
 address = {New York, USA},
 year= {1995},
 edition   = {1st}
}
%B Books
@book{bathe,
   title = "Finite element procedures",
   author = "Bathe, Klaus-Jurgen",
   publisher = "Englewood Cliffs, N.J. Prentice Hall",
   url = "http://opac.inria.fr/record=b1090113",
   isbn = "0-13-301458-4",
   note = "Ed. rev. de: Finite element procedures in engineering analysis. 1982",
   year = 1996
}
@book{BazilevsTT:2013FSIBook,
  title={Computational Fluid-Structure Interaction: Methods and Applications},
  author={Bazilevs, Y. and Takizawa, K. and Tezduyar, T.E.},
  isbn={9781118483572},
  lccn={2012043276},
  series={Wiley Series in Computational Mechanics},
  url={https://books.google.com.br/books?id=R-3-5ZNsQnMC},
  year={2013},
  publisher={Wiley}
}

%C Books
@book{chung,
	Author = {T. J. Chung},
	Edition = {},
	Publisher = {Cambridge University Press},
  address = {Cambridge, UK},
	Title = {Computational fluid dynamics},
	Year = {2002}
}

@book{Cottrell:2009,
 author = {Cottrell, J. Austin and Hughes, Thomas J. R. and Bazilevs, Yuri},
 title = {Isogeometric Analysis: Toward Integration of CAD and FEA},
 year = {2009},
 isbn = {0470748737, 9780470748732},
 edition = {1st},
 publisher = {Wiley Publishing},
}

%D Books
@book{DoneaH:2003,
author = {J. Donea and A. Huerta},
title = {Finite Element Methods for flow problems },
year = {2003},
publisher = {John Wiley \& Sons},
address = {Chichester, UK},
}

%F Books
@book{Farin:1995,
 author = {Farin, Gerald E.},
 title = {NURB Curves and Surfaces: From Projective Geometry to Practical Use},
 year = {1995},
 isbn = {1-56881-038-5},
 publisher = {A. K. Peters, Ltd.},
 address = {Natick, MA, USA},
} 

%G Books

%H Books
@book{Holligbook,
 author  = {K. HÃ¶llig},
 title   = {Finite Element Methods with B-Splines},
 publisher = {SIAM},
 year      = {2003},
 edition   = {}
}

@book{Holzapfel:2000,
  title={Nonlinear solid mechanics: a continuum approach for engineering science},
  author={Holzapfel, A Gerhard},
  year={2000},
  publisher={John Wiley \& Sons, Inc.},
  edition = {}
}

%K Books
@book{KantorowitschandKrylow,
 author  = {L. W. Kantorowitsch, W. I. Krylow},
 title   = {Approximate Methods of Higher Analysis },
 publisher = {Interscience Publishers (New York)},
 year    = {1964},
 edition = {translated from the 4th Rusian edition}
}

%L Books
@Book{LaunderS:1972,
author = {B. E. Launder and D. B. Spalding},
title = {Lectures in mathematical models of turbulence},
publisher = {Academic Press},
year = {1972},
address = {New York},
}

%M Books
@book{Munson2002,
 author    = {B. R. Munson and D. F. Young and T. H. Okiishi},
 title     = {Fundamentals of fluid mechanics},
 publisher = {John Wiley \& Sons Inc.},
 year      = {2002},
 edition   = {4th}
}

@book{MarsdenH:1994,
  title={Mathematical foundations of elasticity},
  author={Marsden, Jerrold E and Hughes, Thomas JR},
  year={1994},
  publisher={Courier Corporation},
  edition = {}
}

%N Books
%O Books
%P Books
@book{Peters:2008aa,
	Author = {Peters, J. and Reif, U.},
	Date-Added = {2009-09-04 11:40:51 +0100},
	Date-Modified = {2009-09-04 11:43:42 +0100},
	Keywords = {geometry/subdivision},
	Publisher = {Springer Verlag},
	Series = {Springer Series in Geometry and Computing},
	Title = {Subdivision Surfaces},
	Year = {2008}
}

@book{Piegl:1997aa,
	Author = {Piegl, L. and Tiller, W.},
	Date-Added = {2009-07-27 10:22:12 -0500},
	Date-Modified = {2009-07-27 10:24:05 -0500},
	Keywords = {geometry/subdivision},
	Publisher = {Springer},
	Series = {Monographs in visual communication},
	Title = {The NURBS book},
	Year = {1997}
}

%Q Books
%R Books
@book{Rogers:2001aa,
	Author = {Rogers, D.F.},
	Date-Added = {2008-07-23 09:33:24 +0100},
	Date-Modified = {2008-08-19 22:45:30 +0100},
	Keywords = {geometry/subdivision, fem},
	Publisher = {Academic Press},
	Title = {An introduction to NURBS},
	Year = {2001}
}

@book{Rogers:2001,
 author = {Rogers, David F.},
 title = {An Introduction to NURBS: With Historical Perspective},
 year = {2001},
 isbn = {1-55860-669-6},
 publisher = {Morgan Kaufmann Publishers Inc.},
 address = {San Francisco, CA, USA},
}

%S Books
@book{Sethian1999,
author = {J. Sethian},
title = {Level set methods and fast marching methods},
year = {1999},
publisher = {Cambridge University Press},
address = {London},
}

@book{StrangFix,
 author    = {G. Strang and G. Fix},
 title     = {An analysis of the Finite Element Method},
 publisher = {Wesley-Cambridge Press},
 year      = {2008},
 edition   = {2nd}
}

%T Books
@book{Timoshenko:1970aa,
	Author = {Timoshenko, S.P.},
	Edition = {3rd},
	Publisher = {McGraw-Hill Higher Education},
	Title = {Theory of elasticity},
	Year = {1970}
}

%U Books
%V Books
@book{Valliappan1981,
  Author = {Valiappan, S.},
  Publisher = {A. A. BALKEMA, Rotterdam},
  Title = {Continuum mechanics fundamentals},
  Year = {1981},
  Pages = {227}
}

%W Books
@book{Warren:2001aa,
	Author = {Warren, J. and Weimer, H.},
	Publisher = {Morgan Kaufmann},
	Title = {Subdivision methods for geometric design: A constructive approach},
	Year = {2001}
}
@Book{Wilcox:1993,
author = {D. C. Wilcox},
title = {Turbulence modeling for CFD},
publisher = {DCW Industries Inc.},
year = {1993},
address = {La Cañada, CA},
}

@book{Wriggers:2002aa,
	Author = {Wriggers, P.},
	Publisher = {John Wiley \& Sons Ltd.},
	Title = {Computational Contact Mechanics},
	Year = {2002}
}

%X Books
%Y Books
%Z Books
}


@Book{ZienkiewiczT:2005v1,
author = {O. C. Zienkiewicz and R. L. Taylor and J.Z. Zhu},
title = {The Finite Element Method, v1: Its Basis and Fundamentals},
publisher = {Butterworth Heinemann Linacre House},
edition = {6},
year = {2005},
volume = {1},
Pages = {},
}

@Book{ZienkiewiczT:2005v3,
author = {O. C. Zienkiewicz and R. L. Taylor and P. Nithiarasu},
title = {The Finite Element Method v3: Fluid Dynamics},
publisher = {Butterworth Heinemann Linacre House},
edition = {6},
year = {2005},
volume = {3},
Pages = {334},
}

% Older zienkiewicz editions
@book{ZienkTaylor2000a,
  Author = {Zienkiewicz, O. C. and Taylor, R. L.},
  Publisher = {Butterworth-heinemann Linacre house},
  Title = {The Finite Element Method, v1: The Basis},
  Year = {2000},
  Pages = {}
}
@book{ZienkTaylor2000v3,
  Author = {Zienkiewicz, O. C. and Taylor, R. L.},
  Publisher = {Butterworth-heinemann Linacre house},
  Title = {The Finite Element Method, v3:  Fluid Dynamics},
  Year = {2000},
  Pages = {334},
}



%% --------------------------------------------------------------------------
%% Inproceedings and incollections
%% --------------------------------------------------------------------------
@incollection{BrezziF:1991,
	author = {F. Brezzi and M. Fortin},
	title = {Mixed and Hybrid Finite Element Methods},
	booktitle = {Vol. 15 of Springer Series in Computational Mathematics},
	year = {1991},
	publisher = {Springer},
	address = {New York},
}

@incollection{MartineauG2004,
	author = {D. G. Martineau and J. M. Georgala},
	title = {A mesh movement algorithm for high quality generalised meshes},
	booktitle = {42nd AIAA Aerospace Sciences Meeting and Exhibit},
	year = {2004},
	address = {Reno, USA}
}

@inproceedings{raks1,
author    = {R. A. K. Sanches and H. B. Coda},
title     = {Simula\c{c}\~{a}o bidimensional de escoamentos compress\'{i}veis de fluido com contornos m\'{o}veis atrav\'{e}s do MEF},
booktitle = {XXIX Congresso Ibero Latino Americando de M\'{e}todos Computacionais em Engenharia - CILAMCE},
address = {Macei\'{o}, Brazil},
year      = {2008}
}
@inproceedings{raks2,
author    = {R. A. K. Sanches and H. B. Coda},
title     = {Formula\c{c}\~ao bidimensional alternativa para a intera\c{c}\~ao fluido-estrutura atrav\'{e}s do MEF},
booktitle = {XXIX Congresso Ibero Latino Americando de M\'{e}todos Computacionais em Engenharia - CILAMCE},
address = {Macei\'{o}, Brazil},
year      = {2008}
}

@incollection{Tezduyar:1992,
  booktitle = {Advances in Applied Mechanics},
	title = {Stabilized Finite Element Formulations for Incompressible Flow Computations},
	editor = {John W. Hutchinson and Theodore Y. Wu},
	series = {Advances in Applied Mechanics},
	publisher = {Elsevier},
	volume = {28},
	pages = {1 - 44},
	year = {1992},
	author = {T.E. Tezduyar},
  }
  
  @INPROCEEDINGS{Quagliarella,
    author = {Quagliarella, D. and Vicini, A.},
    title = {Coupling Genetic Algorithms and Gradient Based Optimization Techniques},
    booktitle = {Genetic Algorithms and Evolution Strategies in Engineering and Computer Science},
editor ={ Quagliarella et al.},
 publisher={Wiley},
    year = {1997},
pages={289-309}
}
@INPROCEEDINGS{Jameson2,
    author = {Antony Jameson},
    title = {Optimum aerodynamic design using CFD and control theory. AIAA paper 95-1729},
    booktitle = {AIAA 12th Computational Fluid Dynamics Conference},
    year = {1995}
}

@inprocedings{Peri20032341,
title = "High fidelity models in the multi-disciplinary optimization of a frigate ship ",
editor = "Bathe, K.J. ",
booktitle = "Computational Fluid and Solid Mechanics 2003 ",
publisher = "Elsevier Science Ltd",
edition = "",
address = "Oxford",
year = "2003",
pages = "2341 - 2344",
isbn = "978-0-08-044046-0",
doi = "http://dx.doi.org/10.1016/B978-008044046-0.50575-3",
url = "http://www.sciencedirect.com/science/article/pii/B9780080440460505753",
author = "D. Peri and E.F. Campana"
}

%% --------------------------------------------------------------------------
%% PhD thesis
%% --------------------------------------------------------------------------
%A thesis
%B thesis
%C thesis
%D thesis
%E thesis
%F thesis
@phdthesis{Forster:2007,
	author = {C. F\"orster},
	title = {Robust methods for fluid-structure interaction with stabilised
	finite elements},
	school = {Universit\"at Stuttgart},
	year = {2007},
	address = {Holzgartenstr. 16, 70174 Stuttgart},
	ISBN = {978-3-00-022267-2},
}
%G thesis
%H thesis
@phdthesis{habbal,
address={Pasadena, California},
author={F. Habbal},
pages={120},
pagename={p.},
school={California Institute of Technology},
title={The Optimal Transportation Meshfree Method for
   General Fluid Flows and Strongly Coupled
     Fluid-Structure Interaction Problems},
type={PhD thesis},
year={2009}}
%I thesis
%J thesis
%K thesis
@phdthesis{Kassiotis:2009,
address={Paris, FR},
author={C. Kassiotis},
pages={153},
pagename={p.},
school={Université Paris-Est},
title={Nonlinear fluid-structure interaction: a partitioned approach and its ap-
plication through component technology},
type={PhD Thesis},
year={2009}}
%L thesis
%M thesis
@phdthesis{Maciel,
address={S\~ao Carlos, SP},
author={D. N. Maciel},
pages={162},
pagename={p.},
school={Universidade de São Paulo},
title={An\'alise de problemas el\'asticos n\~ao-lineares geom\'etricos empregando o m\'etodo dos elementos finitos posicional},
type={Tese de Doutorado},
year={2008}}

%% --------------------------------------------------------------------------
%% Reports
%% --------------------------------------------------------------------------
%A reports
@techreport{caltec2,
address={Pasadena, California},
author={M. Arienti and P. Hung and E. Morano and J. E. Shepherd},
institution={California Institute of Technology},
title={A Level Set Approach to Eulerian-Lagrangian Coupling},
note={Caltech ASCI technical report 136},
year={2008}
}
%B reports
%C reports
%D reports
%E reports
%F reports
%G reports
%H reports
@TECHREPORT{HeinrichDuvigneauBlanchard2011,
  AUTHOR =        {Christoph Heinrich and R\'egis Duvigneau and Louis Blanchard},
  TITLE =         {Isogeometric Shape Optimization in Fluid-Structure Interaction},
  NUMBER =        {RR-7639},
  YEAR  =         {2011},
institution={hal}
}

